<record><leader>00000cas a22000007a 4500</leader><controlfield tag="001">13557086</controlfield><controlfield tag="008">860512d19861990inuwr ne      0    0eng d</controlfield><datafield ind1=" " ind2=" " tag="010"><subfield code="a">sn 86058525 </subfield></datafield><datafield ind1=" " ind2=" " tag="040"><subfield code="a">NPI</subfield><subfield code="b">eng</subfield><subfield code="c">NPI</subfield><subfield code="d">OCLCQ</subfield></datafield><datafield ind1=" " ind2=" " tag="042"><subfield code="a">msc</subfield></datafield><datafield ind1="0" ind2="0" tag="245"><subfield code="a">Tricounty newspaper.</subfield></datafield><datafield ind1=" " ind2=" " tag="260"><subfield code="a">Edinburgh, Ind. :</subfield><subfield code="b">G.L. Storie, Inc.,</subfield><subfield code="c">1986-1990.</subfield></datafield><datafield ind1=" " ind2=" " tag="300"><subfield code="a">4 v. :</subfield><subfield code="b">ill. ;</subfield><subfield code="c">58 cm.</subfield></datafield><datafield ind1=" " ind2=" " tag="310"><subfield code="a">Weekly</subfield></datafield><datafield ind1="0" ind2=" " tag="362"><subfield code="a">Vol. 1, ed. 1 (Apr. 2, 1986)-v. 4, ed. 45 (Jan. 24 [i.e. 31] 1990).</subfield></datafield><datafield ind1=" " ind2=" " tag="500"><subfield code="a">Coverage includes Edinburgh, Flat Rock, Ninevah, and Taylorsville.</subfield></datafield><datafield ind1=" " ind2=" " tag="752"><subfield code="a">United States</subfield><subfield code="b">Indiana</subfield><subfield code="c">Johnson</subfield><subfield code="d">Edinburgh.</subfield></datafield><datafield ind1="0" ind2="0" tag="785"><subfield code="t">Tricounty news (Edinburgh, Ind.)</subfield><subfield code="w">(DLC)sn 91099303</subfield></datafield></record>